@misc{Wow64,
  title = {WOW64!Hooks},
  howpublished = {\url{https://www.mandiant.com/resources/wow64-subsystem-internals-and-hooking-techniques}}
}