@misc{Wow64,
  title = {WOW64!Hooks},
  howpublished = {\url{https://www.mandiant.com/resources/wow64-subsystem-internals-and-hooking-techniques}}
}
  @misc{ rDNS,
    author = "{Wikipedia contributors}",
    title = "Reverse DNS lookup --- {Wikipedia}{,} The Free Encyclopedia",
    year = "2022",
    howpublished = "\url{https://en.wikipedia.org/w/index.php?title=Reverse_DNS_lookup&oldid=1078026980}",
    note = "[Online; accessed 21-March-2022]"
  }
  @misc{gate,
  title = {MSDN},
  howpublished = {\url{https://docs.microsoft.com/en-us/windows/win32/api/wow64apiset/nf-wow64apiset-wow64disablewow64fsredirection}}
}