@misc{atom,
    title = {stackoverflow},
    howpublished = {\url{https://stackoverflow.com/questions/40553686/so-just-what-are-windows-atom-tables-for}}
}
@misc{unhandledFilter,
    title = {MSDN},
    howpublished = {\url{https://docs.microsoft.com/en-us/windows/win32/api/errhandlingapi/nf-errhandlingapi-unhandledexceptionfilter}}
}
@misc{setUnhandledFilter,
    title = {MSDN},
    howpublished = {\url{https://docs.microsoft.com/en-us/windows/win32/api/errhandlingapi/nf-errhandlingapi-setunhandledexceptionfilter}}
}
@misc{emotet,
    title = {Emotet Malware: How Does it Work and How Can it be Stopped?},
    howpublished = {\url{https://www.datto.com/blog/emotet-malware-how-does-it-work-and-how-can-it-be-stopped}}
}