@misc{malwareSample,
    title = {vx-underground - NetWireRAT.exe malware sample},
    howpublished = {\url{https://samples.vx-underground.org/samples/Families/NetWireRAT/0000b2351e3559e85bf607ac028c490add80e92f48c1610a9453f19bf4b24a86.7z}}
}